<marcxml:record xmlns:xlink="http://www.w3.org/1999/xlink" xmlns:marcxml="http://www.loc.gov/MARC21/slim" xmlns:mets="http://www.loc.gov/METS/" xmlns:mxe="http://www.loc.gov/mxe" xmlns:rdf="http://www.w3.org/1999/02/22-rdf-syntax-ns#" xmlns:rdfs="http://www.w3.org/2000/01/rdf-schema#" xmlns:skos="http://www.w3.org/2004/02/skos/core#" xmlns:madsrdf="http://www.loc.gov/mads/rdf/v1#" xmlns:ri="http://id.loc.gov/ontologies/RecordInfo#" xmlns:sem="http://marklogic.com/semantics">
  <marcxml:leader>01201cz  a2200229n  4500</marcxml:leader>
  <marcxml:controlfield tag="001">n84050085</marcxml:controlfield>
  <marcxml:controlfield tag="003">DLC</marcxml:controlfield>
  <marcxml:controlfield tag="005">20081127080225.0</marcxml:controlfield>
  <marcxml:controlfield tag="008">841010n| acannaabn          |a ana      </marcxml:controlfield>
  <marcxml:datafield tag="010" ind1=" " ind2=" ">
    <marcxml:subfield code="a">n  84050085 </marcxml:subfield>
  </marcxml:datafield>
  <marcxml:datafield tag="035" ind1=" " ind2=" ">
    <marcxml:subfield code="a">(OCoLC)oca01311590</marcxml:subfield>
  </marcxml:datafield>
  <marcxml:datafield tag="040" ind1=" " ind2=" ">
    <marcxml:subfield code="a">DLC</marcxml:subfield>
    <marcxml:subfield code="b">eng</marcxml:subfield>
    <marcxml:subfield code="c">DLC</marcxml:subfield>
    <marcxml:subfield code="d">DLC</marcxml:subfield>
    <marcxml:subfield code="d">OCoLC</marcxml:subfield>
  </marcxml:datafield>
  <marcxml:datafield tag="110" ind1="2" ind2=" ">
    <marcxml:subfield code="a">Abbaye de St Jean des Vignes</marcxml:subfield>
  </marcxml:datafield>
  <marcxml:datafield tag="410" ind1="2" ind2=" ">
    <marcxml:subfield code="a">St Jean des Vignes (Abbey)</marcxml:subfield>
  </marcxml:datafield>
  <marcxml:datafield tag="410" ind1="2" ind2=" ">
    <marcxml:subfield code="a">Abbaye de Saint Jean des Vignes</marcxml:subfield>
  </marcxml:datafield>
  <marcxml:datafield tag="410" ind1="2" ind2=" ">
    <marcxml:subfield code="a">Eglise de St. Jean des Vignes</marcxml:subfield>
  </marcxml:datafield>
  <marcxml:datafield tag="410" ind1="2" ind2=" ">
    <marcxml:subfield code="a">Cathédrale de Saint-Jean-des-Vignes</marcxml:subfield>
  </marcxml:datafield>
  <marcxml:datafield tag="410" ind1="2" ind2=" ">
    <marcxml:subfield code="a">Abbaye Saint-Jean-des-Vignes</marcxml:subfield>
  </marcxml:datafield>
  <marcxml:datafield tag="410" ind1="2" ind2=" ">
    <marcxml:subfield code="a">Eglise Saint-Jean-des-Vignes de Soissons</marcxml:subfield>
  </marcxml:datafield>
  <marcxml:datafield tag="670" ind1=" " ind2=" ">
    <marcxml:subfield code="a">Batillot, P. L'Abbaye de St Jean des Vignes à Soissons, 1983:</marcxml:subfield>
    <marcxml:subfield code="b">t.p. (Abbaye de St Jean des Vignes à Soissons) cover (St Jean des Vignes à Soissons) p. 13 (St-Jean-des-Vignes) p. 45 (Eglise de St. Jean des Vignes)</marcxml:subfield>
  </marcxml:datafield>
  <marcxml:datafield tag="670" ind1=" " ind2=" ">
    <marcxml:subfield code="a">LC data base, 8-20-84</marcxml:subfield>
    <marcxml:subfield code="b">(hdg.: Église Saint-Jean-des-Vignes de Soissons; usage: Église Saint-Jean-des-Vignes de Soissons)</marcxml:subfield>
  </marcxml:datafield>
  <marcxml:datafield tag="670" ind1=" " ind2=" ">
    <marcxml:subfield code="a">Dict. des églises de France, 1969:</marcxml:subfield>
    <marcxml:subfield code="b">v. IV D, p. 152 (Cathédrale de Saint-Jean-des-Vignes; Abbaye Saint-Jean-des-Vignes, f. 1076; all that is left is the facade and the first triborium of the church of the abbey)</marcxml:subfield>
  </marcxml:datafield>
</marcxml:record>
